\section*{References-falta cambiar a bibtex etc, cuando lo tengamos finiquitado mejor}
Lutzoni F,  Miadlikowska J. 2009. Lichens. Quick guide. Current Biology, 19:R502-R503.

Nash TH III. 2008. Introduction. In: Lichen Biology, 2nd edn (ed. Nash TH III), pp. 1-8. Cambridge University Press, Cambridge UK.

Bronstein JL. 1994. Our current understanding of mutualism. Quarterly Review of Biology, 69: 31-51

Ahmadjian V. 1993. The Lichen Symbiosis. John Wiley, New York city, New York.

Honneger R. 1998. The lichen symbiosis-what is so spectacular about it? Lichenologist, 30:193-212

Honneger R. 2008. Morphogenesis. In: Lichen Biology, 2nd edn (ed. Nash TH III), pp. 69-93. Cambridge University Press, Cambridge UK.

Stocker-Worgotter E, Hager A. 2008. Culture methods for lichens and lichen symbionts. In: Lichen Biology, 2nd edn (ed. Nash TH III), pp. 355-365. Cambridge University Press, Cambridge UK.

Grube M, Berg G, Andresson OS, Vilhelmsson O, Dyer PS, Miao PW. 2014. Lichen genomics-prospects and progress. In: The Ecological Genomics of Fungi, 1st edn (ed. Martin F), pp. 191-212. John Wiley \& Sons, Inc. 

Wornik S, Grube M. 2010. Joint dispersal does not imply maintenance of partnerships in lichen symbioses. Microbial Ecology, 59:150-157. 

Dal Grande F. 2012. Vertical and horizontal photobiont transmission within populations of a lichen symbiosis. Molecular Ecology, 21: 3159-3172.

Hill DJ. 2009. Asymmetric co-evolution in the lichen symbiosis caused by a limited capacity for adaptation in the photobiont. Botanical Review, 75: 326-338

Dal Grande, F. 2011. Phylogeny and co-phylogeography of a photobiont-mediated guild in the lichen family Lobariaceae. Dissertation. 

Skaloud P, Friedl T, Hallmann C, Beck A. 2016. Taxonomic revision and species delimitation of coccoid green algae currently assigned to the genus Dictyochloropsis (Trebouxiophyceae, Chlorophyte). Journal of Phycology, 1-19

Walser JC, Sperisen C, Soliva M, Scheidegger C. 2003. Fungus-specific microsatellite primers of lichens: application for the assessment of genetic variation on different spatial scales in Lobaria pulmonaria. Fungal Genetics and 
Biology, 40:72-82. 

Widmer I, Dal Grande F, Cornejo C, Scheidegger C. 2010. Highly varaiable microsatellite markers for the fungal and algal symbionts of the lichen Lobaria pulmonaria and challenges in developing biont-specific molecular markers for 
fungal associations. Fungal Biology, 114:538-544. 

Dal Grande F, Widmer I, Beck A, Scheidegger C. 2010. Microsatellite markers for Dictyochloropsis reticulata (Trebouxiophyceae), the symbiotic alga of the lichen Lobaria pulmonaria (L.). Conservation Genetics, 11:1147-1149. 

Christoph Scheidegger. 2016. Personal communication. 

Holland JH. 1995. Hidden order: How adaptation builds complexity. Basic Books

Holland JH. 1994. Echoing emergence: Objectives, rough definitions, and speculations for Echo--class models. in G.A. Cowan, D. Pines and D. Meltzer, eds. Complexity: Metaphors, Models and Reality. Addison--Wesley, Reading, MA.

Mitchell M. 1998. An introduction to genetic algorithms. MIT press

Flores C. 2016. BiMat: a MATLAB package to facilitate the analysis of bipartite networks. Methods in Ecology and Evolution, 7:127?132.  

Bascompte J, Jordano P. 2006. The structure of plant-animal mutualistic networks. In: Pascual, M. and Dunne, J. (eds.). Ecological networks. Oxford University Press, Oxford, US. Pages 143-159. 

Almeida-Neto M, Guimaraes P, Guimaraes PR Jr, Loyola RD, Ulrich W. 2008. A consistent metric for nestedness analysis in ecological systems: reconciling concept and measurement Oikos, 117: 1227 1239

Barber MJ. 2007. Modularity and community detection in bipartite networks. Physical Review E, 76: 066102

Larremore DB, Clauset A, Jacobs AZ. 2014. Efficiently inferring community structure in bipartite networks. Physical Review E, 90(1), 012805

