/home/scarrign/projects/PhD/doc/biblio/bib/lichen.bib